@Manual{R-base,
    title = {R: A Language and Environment for Statistical Computing},
    author = {{R Core Team}},
    organization = {R Foundation for Statistical Computing},
    address = {Vienna, Austria},
    year = {2017},
    url = {https://www.R-project.org/},
  }

@Manual{R-caret,
    title = {caret: Classification and Regression Training},
    author = {Max Kuhn},
    year = {2018},
    note = {R package version 6.0-79},
    url = {https://CRAN.R-project.org/package=caret},
  }

@book{kuhn2013applied,
  title={Applied predictive modeling},
  author={Kuhn, Max and Johnson, Kjell},
  volume={810},
  year={2013},
  publisher={Springer}
}

@book{torgo2017data,
  title={Data mining with R: learning with case studies},
  author={Torgo, Luis},
  year={2017},
  publisher={CRC press}
}

@article{Kuhn2008,
   author = {Max Kuhn},
   title = {Building Predictive Models in R Using the caret Package},
   journal = {Journal of Statistical Software, Articles},
   volume = {28},
   number = {5},
   year = {2008},
   keywords = {},
   issn = {1548-7660},
   pages = {1--26},
   doi = {10.18637/jss.v028.i05},
   url = {https://www.jstatsoft.org/v028/i05}
}

@book{witten2017data,
  title={Data Mining: Practical machine learning tools and techniques},
  author={Witten, Ian H and Frank, Eibe and Hall, Mark A and Pal, Christopher J},
  year={2017},
  publisher={Morgan Kaufmann}
}

 @Manual{Kuhn2017,
    title = {caret: Classification and Regression Training},
    author = {Max Kuhn and Contributions from Jed Wing and Steve Weston and Andre Williams and Chris Keefer and Allan Engelhardt and Tony Cooper and Zachary Mayer and Brenton Kenkel and the R Core Team and Michael Benesty and Reynald Lescarbeau and Andrew Ziem and Luca Scrucca and Yuan Tang and Can Candan and Tyler Hunt.},
    year = {2017},
    note = {R package version 6.0-78},
    url = {https://CRAN.R-project.org/package=caret},
  }

@book{james2013introduction,
  title={An introduction to statistical learning},
  author={James, Gareth and Witten, Daniela and Hastie, Trevor and Tibshirani, Robert},
  volume={112},
  year={2013},
  publisher={Springer}
}

@article{probst2018tunability,
  title={Tunability: Importance of hyperparameters of machine learning algorithms},
  author={Probst, Philipp and Bischl, Bernd and Boulesteix, Anne-Laure and xxxx,xxxx},
  journal={arXiv preprint arXiv:1802.09596},
  year={2018}
}